
@article{davids2003, 
author="Davids, Keith and Glazier, Paul and Araujo, Duarte and Bartlett, Roger", 
title="Movement Systems as Dynamical Systems", 
journal="Sports Medicine", 
year="2003", 
month="Apr", 
day="01", 
volume="33", 
number="4", 
pages="245--260", 
issn="1179-2035", 
doi="10.2165/00007256-200333040-00001", 
url="https://doi.org/10.2165/00007256-200333040-00001" 
}


@phdthesis{XochicalePhDThesis2018,
	author = {{Xochicale}, Miguel},
	day = {26},
    	month = {10},
    	Year = {2018},
    	school = {University of Birmingham},
  	address = {United Kingdom},
    	Title = {Nonlinear Analyses to Quantify Movement Variability in Human-Humanoid Interaction},
  	type = {{PhD} dissertation as submitted},
	doi = {10.5281/zenodo.1473140},
        url = {https://doi.org/10.5281/zenodo.1473140}
}



@ARTICLE{2018arXiv181009249X,
       author = {{Xochicale}, Miguel and {Baber}, Chirs},
        title = "{Strengths and Weaknesses of Recurrent Quantification Analysis in the
        context of Human-Humanoid Interaction}",
      journal = {arXiv e-prints},
     keywords = {Electrical Engineering and Systems Science - Signal Processing},
         year = 2018,
        month = Oct,
          eid = {arXiv:1810.09249},
        pages = {arXiv:1810.09249},
archivePrefix = {arXiv},
       eprint = {1810.09249},
 primaryClass = {eess.SP},
       adsurl = {https://ui.adsabs.harvard.edu/#abs/2018arXiv181009249X},
      adsnote = {Provided by the SAO/NASA Astrophysics Data System}
}


@article{MPXochicale_CERE2018,
  AUTHOR       = {{Xochicale}, Miguel and {Baber}, Chris},
  title        = {Towards the Analysis of Movement Variability for Facial Expressions with Nonlinear Dynamics},
  journal = {The 7th Consortium of European Research on Emotion Conference (CERE2018)},
  month =   {April},
  year = {2018},
  address =      {Glasgow, Scotland, UK}
}

  \href{https://github.com/mxochicale/cere2018/blob/master/abstract/latex/abstract.pdf}{\faFilePdfO}
  \href{https://github.com/mxochicale/cere2018/blob/master/slides/presentation.cere2018-mx.pdf}{\faImage}
  \href{https://github.com/mxochicale/cere2018}{\faGithubAlt}
   },


@manual{xochicale2018repo,
author = {{Xochicale}, Miguel},
title = {GitHub repository for code and data of:
	"Quantifying Complexity of Facial Expressions Variability with Nonlinear Dynamics in Human-Humanoid Interaction"
	},
day = {21},
month = {Dec},
year = {2018},
note   = "\url{https://github.com/mxochicale/complexity-of-facial-expressions}"
}


note   = "\url{https://github.com/mxochicale/phd-thesis-code-data}"
url = {https://github.com/mxochicale/hwum-dataset},




@article{marwan2007,
author = "Norbert Marwan and M. Carmen Romano and Marco Thiel and JÃ¼rgen Kurths",
title = "Recurrence plots for the analysis of complex systems",
journal = "Physics Reports",
volume = "438",
number = "5",
pages = "237 - 329",
year = "2007",
issn = "0370-1573",
doi = "https://doi.org/10.1016/j.physrep.2006.11.001",
url = "http://www.sciencedirect.com/science/article/pii/S0370157306004066",
keywords = "Data analysis, Recurrence plot, Nonlinear dynamics",
}


@INPROCEEDINGS{baltrusaitis2018,
author = {T. Baltrusaitis and A. Zadeh and Y. C. Lim and L. Morency},
booktitle = {2018 13th IEEE International Conference on Automatic Face and  Gesture Recognition (FG 2018)(FG)},
title = {OpenFace 2.0: Facial Behavior Analysis Toolkit},
year = {2018},
volume = {00},
number = {},
pages = {59-66},
keywords={Tools;Face;Training;Magnetic heads;Estimation;Real-time systems},
doi = {10.1109/FG.2018.00019},
url = {doi.ieeecomputersociety.org/10.1109/FG.2018.00019},
ISSN = {},
month={May}
}


@article{back2014,
    author = {Back, Elisa AND Jordan, Timothy R.},
    journal = {PLOS ONE},
    publisher = {Public Library of Science},
    title = {Revealing Variations in Perception of Mental States from Dynamic Facial Expressions: A Cautionary Note},
    year = {2014},
    month = {01},
    volume = {9},
    url = {https://doi.org/10.1371/journal.pone.0084395},
    pages = {1-5},
    number = {1},
    doi = {10.1371/journal.pone.0084395}
}




